@article{kouzouhyoushou,
author="峯松信明 and 志甫淳 and 村上隆夫 and 丸山和孝 and 広瀬啓吉",
title="音声の構造的表象とその距離尺度",
journal="電子情報通信学会技術研究報告. SP, 音声",
ISSN="09135685",
publisher="一般社団法人電子情報通信学会",
year="2005",
month="may",
volume="105",
number="98",
pages="9-12",
URL="https://ci.nii.ac.jp/naid/110003298622/",
DOI="",
}

@book{science,
author="Johan Sundberg",
title="歌声の科学",
publisher="東京電機大学出版局",
year="2007"
}

@book{onsei,
author="篠田浩一",
title="音声認識",
publisher="講談社",
year="2017"
}

@article{japanese_vowels,
author = {Hirahara, Tatsuya and Akahane-Yamada, Reiko},
year = {2004},
month = {04},
pages = {},
title = {Acoustic characteristics of Japanese vowels}
}

@article{katei,
author = {廣谷定男},
year = {2014},
month = {},
publisher="日本音響学会誌70巻10号",
pages = {538-544},
title = {母音のフォルマント分析-過程と仮定を知る-}
}

@article{lpc,
author = {坂野秀樹},
year = {2012},
month = {},
publisher="日本音響学会誌68巻4号",
pages = {188-194},
title = {考えて使いこなす音声のスペクトル分析}
}

@inproceedings{popular_highest,
author = {岩橋亮人 and 橋田光代 and 片寄晴弘},
year = {2016},
month = {03},
publisher="情報処理学会研究報告",
pages = {},
title = {ポピュラー音楽の頂点音における母音の出現頻度に関する分析}
}

@Misc{praat,
  title        = "{Praat: doing phonetics by computer}",
  howpublished = "\url{http://www.fon.hum.uva.nl/praat/}"
}

@article{world,
  title={WORLD: A Vocoder-Based High-Quality Speech Synthesis System for Real-Time Applications},
  author={Masanori MORISE and Fumiya YOKOMORI and Kenji OZAWA},
  journal={IEICE Transactions on Information and Systems},
  volume={E99.D},
  number={7},
  pages={1877-1884},
  year={2016},
  doi={10.1587/transinf.2015EDP7457}
}

@inproceedings{harvest,
author = {Masanori Morise},
year = {2017},
month = {08},
publisher="INTERSPEECH 2017",
pages = {},
title = {Harvest: A high-performance fundamental frequency estimator from speech signals}
}

@inproceedings{singbyspeaking,
author = {齋藤毅 and 後藤真孝 and 鵜木祐史 and 赤木正人},
year = {2008},
month = {02},
publisher="情報処理学会研究報告",
pages = {},
title = {SingBySpeaking: 歌声知覚に重要な音響特徴を制御して話声を歌声に変換するシステム}
}

@article{vibPercept,
title = "Acoustic variability in vibrato and its perceptual significance",
journal = "Journal of Voice",
volume = "1",
number = "2",
pages = "123 - 141",
year = "1987",
issn = "0892-1997",
doi = "https://doi.org/10.1016/S0892-1997(87)80036-X",
url = "http://www.sciencedirect.com/science/article/pii/S089219978780036X",
author = "Howard B. Rothman and A. Antonio Arroyo",
keywords = "Vibrato, Tremolo, Wobble, Frequency deviation, Amplitude deviation, Pulse rate"
}


@article{naturalVib,
author="齋藤, 毅 and 鵜木, 祐史 and 赤木, 正人",
title="自然性の高い歌声合成のためのヴィブラート変調周波数の制御法の検討",
journal="電子情報通信学会技術研究報告",
ISSN="09135685",
publisher="一般社団法人電子情報通信学会",
year="2005",
month="sep",
volume="105",
number="291",
pages="13-18",
URL="https://ci.nii.ac.jp/naid/110003314603/",
DOI="",
}

@article{F0Cahara,
title = "Development of an F0 control model based on F0 dynamic characteristics for singing-voice synthesis",
journal = "Speech Communication",
volume = "46",
number = "3",
pages = "405 - 417",
year = "2005",
note = "Quantitative Prosody Modelling for Natural Speech Description and Generation",
issn = "0167-6393",
doi = "https://doi.org/10.1016/j.specom.2005.01.010",
url = "http://www.sciencedirect.com/science/article/pii/S0167639305000993",
author = "Takeshi Saitou and Masashi Unoki and Masato Akagi"
}

@article{source-filterCoupling,
author = {Titze,Ingo R. },
title = {Nonlinear source–filter coupling in phonation: Theory},
journal = {The Journal of the Acoustical Society of America},
volume = {123},
number = {5},
pages = {2733-2749},
year = {2008},
doi = {10.1121/1.2832337},

URL = { 
        https://doi.org/10.1121/1.2832337
    
},
eprint = { 
        https://doi.org/10.1121/1.2832337
    
}

}

@article{sato,
   author	 = "佐藤,禎哉 and 齋藤,大輔 and 峯松,信明",
   title	 = "調音運動及び音響特徴量に着目した日本語単語における発声しやすさの自動評価の検討",
   year 	 = "2019",
   institution	 = "東京大学大学院情報理工学系研究科電子情報学専攻, 東京大学大学院工学系研究科電気系工学専攻, 東京大学大学院工学系研究科電気系工学専攻",
   number	 = "27",
   month	 = "jun"
}


@article{so,
   author	 = "宋,健智 and 齋藤,大輔 and 峯松,信明",
   title	 = "調音運動に基づく発声難易度の指標化と歌詞の歌いやすさ評価への応用の検討",
   year 	 = "2018",
   institution	 = "東京大学大学院情報理工学系研究科電子情報学専攻, 東京大学大学院工学系研究科電気系工学専攻, 東京大学大学院工学系研究科電気系工学専攻",
   number	 = "40",
   month	 = "jun"
}



@article{tsuburagi,
author="鏑木, 時彦",
title="発声における音源-フィルタ相互作用の周波数依存性について",
journal="電子情報通信学会技術研究報告. SP, 音声",
ISSN="09135685",
publisher="一般社団法人電子情報通信学会",
year="2010",
month="jun",
volume="110",
number="81",
pages="67-72",
URL="https://ci.nii.ac.jp/naid/110007969994/",
DOI="",
}

@article{orpheus,
author="深山, 覚 and 中妻, 啓 and 米林, 裕一郎 and 酒向, 慎司 and 西本, 卓也 and 小野, 順貴 and 嵯峨山, 茂樹",
title="Orpheus : 歌詞の韻律に基づいた自動作曲システム",
journal="情報処理学会研究報告. [音楽情報科学]",
ISSN="09196072",
publisher="一般社団法人情報処理学会",
year="2008",
month="aug",
volume="76",
number="",
pages="179-184",
URL="https://ci.nii.ac.jp/naid/110006885356/",
DOI="",
}